<collection xmlns="http://www.loc.gov/MARC21/slim">
<record>
  <leader>01330nam0a2200277 i 450 </leader>
  <controlfield tag="001">IT\ICCU\CNCE\002126</controlfield>
  <controlfield tag="005">20181219000000.0</controlfield>
  <datafield tag="012" ind1=" " ind2=" ">
    <subfield code="a">e.no aisa o.sa tore (C) 1546 (R)</subfield>
    <subfield code="2">fei</subfield>
  </datafield>
  <datafield tag="100" ind1=" " ind2=" ">
    <subfield code="a">19970101d1546        0itac0103    ba</subfield>
  </datafield>
  <datafield tag="101" ind1=" " ind2=" ">
    <subfield code="a">ITA</subfield>
  </datafield>
  <datafield tag="102" ind1=" " ind2=" ">
    <subfield code="a">IT</subfield>
  </datafield>
  <datafield tag="200" ind1="1" ind2=" ">
    <subfield code="a">Vanto di vn soldato. Interrotto da un villano detto el Chasella, opera dilectevole, e da recitare composta per Antonio di Pietro di Mico detto Correggiuolo</subfield>
  </datafield>
  <datafield tag="210" ind1=" " ind2=" ">
    <subfield code="e">Stampato in Siena</subfield>
    <subfield code="g">presso a San Viglio</subfield>
    <subfield code="g">ad instantia di Giouanni di Alisandro libraio</subfield>
    <subfield code="h">1546 adi XVIII di nouembre</subfield>
  </datafield>
  <datafield tag="215" ind1=" " ind2=" ">
    <subfield code="a">\8! c.</subfield>
    <subfield code="d">8ʻ</subfield>
  </datafield>
  <datafield tag="620" ind1=" " ind2=" ">
    <subfield code="a">IT</subfield>
    <subfield code="d">Siena</subfield>
  </datafield>
  <datafield tag="700" ind1=" " ind2="0">
    <subfield code="a">Antonio</subfield>
    <subfield code="c"> : di#Pietro#di#Mico</subfield>
    <subfield code="3">IT\ICCU\CNCA\000792</subfield>
  </datafield>
  <datafield tag="712" ind1="0" ind2="2">
    <subfield code="a">℗A ℗San Viglio</subfield>
    <subfield code="3">IT\ICCU\CNCT\000594</subfield>
    <subfield code="4">650</subfield>
  </datafield>
  <datafield tag="712" ind1="0" ind2="0">
    <subfield code="a">Landi, Giovanni</subfield>
    <subfield code="3">IT\ICCU\CNCT\000325</subfield>
    <subfield code="4">650</subfield>
  </datafield>
  <datafield tag="790" ind1=" " ind2="0">
    <subfield code="a">Correggiuolo</subfield>
    <subfield code="3">IT\ICCU\CNCA\012527</subfield>
    <subfield code="z">Antonio : di#Pietro#di#Mico</subfield>
  </datafield>
  <datafield tag="791" ind1="0" ind2="2">
    <subfield code="a">Giovanni di Alexandro</subfield>
    <subfield code="3">IT\ICCU\CNCT\002718</subfield>
    <subfield code="z">Landi, Giovanni</subfield>
  </datafield>
  <datafield tag="791" ind1="0" ind2="2">
    <subfield code="a">G. di A. L.</subfield>
    <subfield code="3">IT\ICCU\CNCT\002892</subfield>
    <subfield code="z">Landi, Giovanni</subfield>
  </datafield>
  <datafield tag="791" ind1="0" ind2="2">
    <subfield code="a">Giovanni di A. L.</subfield>
    <subfield code="3">IT\ICCU\CNCT\002893</subfield>
    <subfield code="z">Landi, Giovanni</subfield>
  </datafield>
  <datafield tag="791" ind1="0" ind2="2">
    <subfield code="a">Ioannes Alexandri</subfield>
    <subfield code="3">IT\ICCU\CNCT\004896</subfield>
    <subfield code="z">Landi, Giovanni</subfield>
  </datafield>
  <datafield tag="801" ind1=" " ind2="3">
    <subfield code="a">IT</subfield>
    <subfield code="b">ICCU</subfield>
    <subfield code="c">20201113</subfield>
  </datafield>
  <datafield tag="899" ind1=" " ind2=" ">
    <subfield code="a">Biblioteca Apostolica Vaticana. Citt ̉del Vaticano</subfield>
    <subfield code="1">EX0001</subfield>
    <subfield code="2">ZCV 01</subfield>
  </datafield>
  <datafield tag="899" ind1=" " ind2=" ">
    <subfield code="a">Biblioteca comunale degli Intronati. Siena</subfield>
    <subfield code="1">SI0046</subfield>
    <subfield code="2">RT1 QI</subfield>
  </datafield>
</record>
</collection>
